<?xml version="1.0" encoding="UTF-8"?><collection xmlns="http://www.loc.gov/MARC21/slim"><record><leader>00425nam--2200169-i-4500</leader><controlfield tag="001">000039204</controlfield><controlfield tag="002">20161230</controlfield><controlfield tag="005">20161230201042</controlfield><controlfield tag="008">060222s1000------------r-----000-0-eng-d</controlfield><datafield ind1=" " ind2=" " tag="040"><subfield code="a">IFIN-HH</subfield></datafield><datafield ind1=" " ind2=" " tag="080"><subfield code="a">538.4</subfield></datafield><datafield ind1="1" ind2=" " tag="100"><subfield code="a">Roberts, P.H</subfield></datafield><datafield ind1="1" ind2="0" tag="245"><subfield code="a">An introduction to magnetohydrodynamics</subfield><subfield code="c">P.h. roberts</subfield></datafield><datafield ind1=" " ind2=" " tag="260"><subfield code="a">London</subfield><subfield code="b">Longmans</subfield><subfield code="c">1967</subfield></datafield><datafield ind1=" " ind2=" " tag="300"><subfield code="a">X + 264P</subfield></datafield><datafield ind1=" " ind2=" " tag="852"><subfield code="a">27421</subfield><subfield code="c">538.4</subfield></datafield><datafield ind1=" " ind2=" " tag="CAT"><subfield code="a">Sys</subfield><subfield code="c">20110920</subfield><subfield code="h">093906</subfield></datafield></record></collection>